<?xml version="1.0" encoding="UTF-8"?><collection xmlns="http://www.loc.gov/MARC21/slim"><record><leader>00524nam--2200157-i-4500</leader><controlfield tag="001">000039314</controlfield><controlfield tag="002">20161230</controlfield><controlfield tag="005">20170121234247</controlfield><controlfield tag="008">060222s1000------------r-----000-0-eng-d</controlfield><datafield ind1=" " ind2=" " tag="080"><subfield code="a">548.4:621.315.592(043)</subfield></datafield><datafield ind1=" " ind2=" " tag="100"><subfield code="a">Rodot, Huguette</subfield></datafield><datafield ind1=" " ind2=" " tag="245"><subfield code="a">Relations entre defauts de reseu et proprietes electroniques dans les semiconducteurs: etude du tellurure de mercure et de ses alliages avec le tellurure de cadmium</subfield><subfield code="b">theses</subfield></datafield><datafield ind1=" " ind2=" " tag="260"><subfield code="a">Paris</subfield><subfield code="b">Univ</subfield><subfield code="c">1964</subfield></datafield><datafield ind1=" " ind2=" " tag="300"><subfield code="a">65 p</subfield></datafield><datafield ind1=" " ind2=" " tag="852"><subfield code="a">77035</subfield></datafield><datafield ind1=" " ind2=" " tag="CAT"><subfield code="a">SYS</subfield><subfield code="c">20170121</subfield><subfield code="h">234247</subfield></datafield></record></collection>